% some extra bibtex entries
@inproceedings{audi:muno:szep:2007,
  title={Tuning bandit algorithms in stochastic environments},
  author={Audibert, Jean-Yves and Munos, R{\'e}mi and Szepesv{\'a}ri, Csaba},
  booktitle={International conference on algorithmic learning theory},
  pages={150--165},
  year={2007},
  organization={Springer}
}
@techreport{aust:mack:2022-tr,
  title={Efficient concentration with Gaussian approximation},
  author={Austern, Morgane and Mackey, Lester},
  institution={arXiv:2208.09922},
  year={2022}
}
@incollection{wherearethelogs,
  title={Where are the logs?},
  author={Owen, A. B. and Pan, Z.},
  booktitle={Advances in Modeling and Simulation: festschrift for Pierre L'Ecuyer},
  year={2022},
  publisher = {Springer},
  address = {Cham}
}

@inproceedings{mnih:szep:aud:2008,
  title={Empirical {Bernstein} stopping},
  author={Mnih, Volodymyr and Szepesv{\'a}ri, Csaba and Audibert, Jean-Yves},
  booktitle={Proceedings of the 25th international conference on Machine learning},
  pages={672--679},
  year={2008}
}

@article{benn:1962,
  title={Probability inequalities for the sum of independent random variables},
  author={Bennett, George},
  journal={Journal of the American Statistical Association},
  volume={57},
  number={297},
  pages={33--45},
  year={1962},
  publisher={Taylor \& Francis}
}

@article{hoef:1963,
author = {W. Hoeffding},
year   = 1963,
title  = {Probability inequalities for sums of bounded random variables},
journal= {Journal of the American Statistical Association},
volume = 58,
pages  = {13--30}
}

@article{naka:tuff:2024,
  title={Sufficient conditions for central limit theorems and confidence intervals for randomized {quasi-Monte Carlo} methods},
  author={Nakayama, Marvin K and Tuffin, Bruno},
  journal={ACM Transactions on Modeling and Computer Simulation},
  volume={34},
  number={3},
  pages={1--38},
  year={2024},
  publisher={ACM New York, NY, USA}
}

@inproceedings{nuyens2010higher,
  title={Higher Order Quasi-Monte Carlo Methods: A Comparison},
  author={Nuyens, Dirk and Cools, Ronald},
  booktitle={AIP Conference Proceedings},
  volume={1281},
  number={1},
  pages={553--557},
  year={2010},
  organization={American Institute of Physics}
}

@article{mdridge,
  title={Mean dimension of ridge functions},
  author={Hoyt, Christopher R and Owen, Art B},
  journal={SIAM Journal on Numerical Analysis},
  volume={58},
  number={2},
  pages={1195--1216},
  year={2020},
  publisher={SIAM}
}

@techreport{err4qmc,
  title={Error estimation for {quasi-Monte Carlo}},
  author={Owen, Art B},
  institution={arXiv:2501.00150},
  year={2024}
}

@article{constraintextensible,
  title={A constraint on extensible quadrature rules},
  author={Owen, A. B.},
  journal={Numerische Mathematik},
  volume={132},
  pages={511--518},
  year={2016},
  publisher={Springer}
}

@techreport{schl:2002,
author = {{Ch.} Schlier},
title  = {A practitioner's view on {QMC} integration},
year   = 2002,
institution = {Universit\"at Freiburg, {Fakult\"at f\"ur Physik}}
}

@article{sobo:1998,
  title={On quasi-{Monte Carlo} integrations},
  author={Sobol, I. M.},
  journal={Mathematics and computers in simulation},
  volume={47},
  number={2-5},
  pages={103--112},
  year={1998},
  publisher={Elsevier}
}

@phdthesis{vill:1939,
  title={\'Etude critique de la notion de collectif},
  author={Ville, Jean},
  year={1939},
  school = {Universit\'e de Paris}
}
